<collection xmlns="http://www.loc.gov/MARC21/slim">
<record>
  <leader>01290nam0a22002891i 450 </leader>
  <controlfield tag="001">IT\ICCU\CNCE\041468</controlfield>
  <controlfield tag="005">20080721000000.0</controlfield>
  <datafield tag="012" ind1=" " ind2=" ">
    <subfield code="a">o.el uena tiCo niat (C) 1501 (R)</subfield>
    <subfield code="2">fei</subfield>
  </datafield>
  <datafield tag="100" ind1=" " ind2=" ">
    <subfield code="a">19981106d1501        0itac0103    ba</subfield>
  </datafield>
  <datafield tag="101" ind1=" " ind2=" ">
    <subfield code="a">ITA</subfield>
  </datafield>
  <datafield tag="102" ind1=" " ind2=" ">
    <subfield code="a">IT</subfield>
  </datafield>
  <datafield tag="200" ind1="1" ind2=" ">
    <subfield code="a">℗La ℗vita de sancta Catherina da Siena in vulgare</subfield>
  </datafield>
  <datafield tag="210" ind1=" " ind2=" ">
    <subfield code="e">Venetiis</subfield>
    <subfield code="g">per Albertinum Vercellensem</subfield>
    <subfield code="h">1501die XVI Iunii</subfield>
  </datafield>
  <datafield tag="215" ind1=" " ind2=" ">
    <subfield code="a">\50! c.</subfield>
    <subfield code="c">ill.</subfield>
    <subfield code="d">4ʻ</subfield>
  </datafield>
  <datafield tag="300" ind1=" " ind2=" ">
    <subfield code="a">Il nome dell&apos;autore si ricava da c. a4v</subfield>
  </datafield>
  <datafield tag="620" ind1=" " ind2=" ">
    <subfield code="a">IT</subfield>
    <subfield code="d">Venezia</subfield>
  </datafield>
  <datafield tag="700" ind1=" " ind2="1">
    <subfield code="a">Borghesi,</subfield>
    <subfield code="b"></subfield>
    <subfield code="3">IT\ICCU\CNCA\001905</subfield>
  </datafield>
  <datafield tag="712" ind1="0" ind2="2">
    <subfield code="a">Albertino da Lessona</subfield>
    <subfield code="3">IT\ICCU\CNCT\000451</subfield>
    <subfield code="4">650</subfield>
  </datafield>
  <datafield tag="791" ind1="0" ind2="2">
    <subfield code="a">Albertinus Vercellensis</subfield>
    <subfield code="3">IT\ICCU\CNCT\002968</subfield>
    <subfield code="z">Albertino da Lessona</subfield>
  </datafield>
  <datafield tag="791" ind1="0" ind2="0">
    <subfield code="a">Lessona, Albertino da</subfield>
    <subfield code="3">IT\ICCU\CNCT\002969</subfield>
    <subfield code="z">Albertino da Lessona</subfield>
  </datafield>
  <datafield tag="791" ind1="0" ind2="0">
    <subfield code="a">Vercelli, Albertino da</subfield>
    <subfield code="3">IT\ICCU\CNCT\002970</subfield>
    <subfield code="z">Albertino da Lessona</subfield>
  </datafield>
  <datafield tag="791" ind1="0" ind2="2">
    <subfield code="a">Albertino da Vercelli</subfield>
    <subfield code="3">IT\ICCU\CNCT\003188</subfield>
    <subfield code="z">Albertino da Lessona</subfield>
  </datafield>
  <datafield tag="791" ind1="0" ind2="0">
    <subfield code="a">Lisona, Albertino de</subfield>
    <subfield code="3">IT\ICCU\CNCT\003189</subfield>
    <subfield code="z">Albertino da Lessona</subfield>
  </datafield>
  <datafield tag="791" ind1="0" ind2="0">
    <subfield code="a">Lissona, Albertino de</subfield>
    <subfield code="3">IT\ICCU\CNCT\004224</subfield>
    <subfield code="z">Albertino da Lessona</subfield>
  </datafield>
  <datafield tag="801" ind1=" " ind2="3">
    <subfield code="a">IT</subfield>
    <subfield code="b">ICCU</subfield>
    <subfield code="c">20201114</subfield>
  </datafield>
  <datafield tag="899" ind1=" " ind2=" ">
    <subfield code="a">Biblioteca del Conte Masetti Zannini. Bologna</subfield>
    <subfield code="1">BO0555</subfield>
    <subfield code="2">ZBO 59</subfield>
  </datafield>
  <datafield tag="899" ind1=" " ind2=" ">
    <subfield code="a">Biblioteca comunale Passerini Landi. Piacenza</subfield>
    <subfield code="1">PC0030</subfield>
    <subfield code="2">PIA PL</subfield>
  </datafield>
</record>
</collection>
